@misc{qumranet,
  title = {{KVM: Kernel-based
  Virtualization Driver.White Paper}},
  organization = {Qumranet, Inc},
  year = {2006},
}

@Article{fabiano,
author = {Fabiano Losilla de Carvalho and Marcos Augusto Bellezi},
title = {Avaliação de Desempenho dos Hypervisors XEN
e KVM utilizando Administração Simplificada
através do LibVirt},
journal = {Tecnologias, Infraestrutura e Software},
year = {2014},
OPTvolume = {3},
OPTpages = {88-101},
OPTmonth = {janeiro},

}

@misc{redhatkvm,
  title = {Manual de Operação},
  howpublished = {\url{https://www.redhat.com/pt-br/files/resources/en-rh-kvm-kernal-based-virtual-machine.pdf}},
  note = {Acesso em: 13 de Março de 2016},
  organization = {Red Hat},
  year = {2015},
}

@INPROCEEDINGS{mcewan,
    author = {William Mcewan},
    title = {Virtual Machine Technology and Their Application In The Delivery Of ICT},
    booktitle = {Accessed 14 March 2003 www.ddj.com/documents/s=882/ddj0008f/ 0008f.htm},
    year = {2002},
    pages = {55--62}
}

@MastersThesis{junior,
author = {Deoclides Pereira Quevedo Junior},
title = {Virtualização: Conceitos, Técnicas aplicadas em um comparativo de desempeho entre as principais ferramentas sem custo de licenciamento},
school = {Instituto Superior Tupy},
year = {2008},
address = {Joinville}
}


@book{marcos,
 author = {Marcos laureano},
 title = {Máquinas virtuais e emuladores},
 year = {2006},
 publisher = {Novatec editora}
} 

@misc{carissimi,
  author = {Alexandre Carissimi},
  title = {Virtualização: da teoria a soluções},
  howpublished = {\url{ http://www.gta.ufrj.br/ensino/CPE758/artigos-basicos/cap4- v2.pdf}},
  organization = {26º Simpósio Brasileiro de Redes de Computadores e Sistemas Distribuídos},
  note = {Acesso em: 8 de Março de 2016},
  year = {2016},
}

@book{manoel,
 author = {Manoel Veras and Alexandre Carissimi},
 title = {Virtualização de Servidores},
 year = {2015},
 edition = {3rd},
 publisher = {Escola Superior de Redes},
 address = {Rio de Janeiro}
} 

@book{tanembaum,
 author = {Tanenbaum, Andrew S.},
 title = {Modern Operating Systems},
 year = {2007},
 isbn = {9780136006633},
 edition = {3rd},
 publisher = {Prentice Hall Press},
 address = {Upper Saddle River, NJ, USA}
} 

@misc{menasce,
    author = {Daniel A. MenascÉ},
    title = {Virtualization: Concepts, Applications, and Performance Modeling },
    year = {2005}
}

@misc{chef,
  title = {An Overview of Chef},
  howpublished = {\url{https://docs.chef.io/chef_overview.html}},
  note = {Acesso em: 8 de Março de 2016},
  organization = {Chef Software, Inc},
  year = {2016},
}

@misc{softwarepublico,
  title = {Manual de Operação},
  howpublished = {\url{https://softwarepublico.gov.br/gitlab/softwarepublico/softwarepublico/wikis/manual-arquitetura}},
  note = {Acesso em: 10 de Março de 2016},
  organization = {Portal do Software PÚblico Brasileiro},
  year = {2016},
}

@Article{opennebula,
author = {Rafael Moreno-Vozmediano and Rubén S. Montero and Ignacio M.Llorente},
title = {IaaS Cloud Architecture: From Virtualized Datacenters to Federated Cloud Infrastructures},
journal = {IEE COMPUTER},
year = {2012},
OPTvolume = {45},
OPTpages = {65-72},
OPTmonth = {dezembro},

}

@online{shape,
author = {Geoff Higginbottom},
title = {CloudStack 101 – Tudo O Que Você Precisa Em Apenas Um Artigo},
year = {2013},
url = {http://www.shapeblue.com/pt-br/cloudstack-101-2/},
note = {Acesso em: 7 de março de 2016}
}


@misc{cloudstack,
  author = {Cloudstack},
  title = {About Cloudstack},
  howpublished = {\url{https://cloudstack.apache.org/about.html}},
  note = {Accessed: 2016-03-07},
  year = {2016}
}

@Manual{redhat,
title = {Red Hat Enterprise Linux 3: Guia de Administração do Sistema},
OPTyear = {2003},
OPTauthor = { Red Hat, Inc},
OPTorganization = {Red Hat Enterprise},
}

@article{huber2011,
author = {Nikolaus Huber and Samuel Konev and Michael Hauck},
title = {Evaluating	and	Modeling	Virtualization
Performance	Overhead	for	Cloud
Environments.},
year = {2011},
OPTpages = {12},
}

@article{popiolek2012,
author = {Pedro Freire Popiolek and Odorico Machado Mendizabal},
title = {Monitoring and analysis of performance impact in
virtualized environments},
journal = {Journal of Applied Computing Research,},
year = {2012},
OPTpages = {75-82},
Adress={Universidade Federal do Rio Grande. Rio Grande, RS, Brazil.},
}

@MastersThesis{benevuto2006,
author = {Fabrício Benevuto de Souza},
title = {Uma arquitetura para monitoramento e medição de desempenho para ambientes virtuais},
school = {Universidade Federal de Minas Gerais},
year = {2006},
OPTaddress = {Belo Horizonte},
}

@article{koh2007,
author = {Younggyun Koh and Rob Knauerhase and Paul Brett and Mic Bowman and Zhihua Wen and Calton Pu},
title = {An Analysis of Performance Interference Effects in Virtual Environments},
journal = {Performance Analysis of Systems and Software, 2007. ISPASS 2007. IEEE International Symposium on},
year = {2007},
OPTpages = {200 - 209},
OPTaddress = {San Jose, CA},
OPTpublisher = {IEEE}
}

@InProceedings{ticko2010,
author = {Omesh Tickoo and Ravi Iyer and Ramesh Illikkal and Don Newell},
title = {Modeling Virtual Machine Performance: Challenges and Approaches},
booktitle = {ACM SIGMETRICS Performance Evaluation Review},
OPTpages = {55-60},
OPTyear = {2010},
OPTvolume = {Volume 37},
OPTaddress = {New York, NY, USA},
OPTmonth = {01},
OPTpublisher = {	ACM},

}




@article{mariaines200,
	Author = {Maria Inês Tomael and Adriana Rosecler Alcara and Ivone Guerreiro Di Chiara},
	Title = {Das Redes Sociais à Informação},
	Address={Brasília},
	Year = {2005},
	Url = {http://www.scielo.br/pdf/ci/v34n2/28559.pdf},
	volume = 34,
	pages = {93--104},
	number = {2},
	month = {maio/ago},
	journal = {Ci.Inf}, 
}
	
@Book{newman2010,
author = {M.E.J Newman},
title = {Networks an introduction},
publisher = {Oxford University Press},
year = {2010},
}
@Book{andrePetris2014,
author = {André Petris Gollner and others},
title = {Mídias Sociais: Uma contribuição de Análise},
publisher = {EDIPUCRS},
year = {2014},
series = {Comunicação e Inovação},
address = {Porto Alegre},
edition = {5},
Pages = {152},
}

@Article{carlaFreitas2008,
author = {Carla M. D. S. Freitas and others},
title = {Extração de Conhecimento e Análise Visual de Redes Sociais},
year = {2008},
pages = {106--120},
month = {Julho},
Url = {http://www.lbd.dcc.ufmg.br/colecoes/semish/2008/008.pdf},
}
%investigar se é artigo ou livro
@Book{miranda1999,
author = {Roberto Campos da Rocha Miranda},
title = {O uso da informação na formulação de ações estratégicas pelas empresas},
year = {1999},
volume = {28},
number = {3},
series = {Ciência da Informação},
address = {Brasília},
month = {set/dez},
Pages = {286--292},
}

@Book{krogh2001,
author = {Georg von Krogh and Kazuo Ichijo and Ikujiro Nonaka},
title = {Facilitando a criação de conhecimento: reinventando a empresa com o poder de inovação contínua},
publisher = {Campus},
year = {2001},
address = {Rio De Janeiro},
}



@manual{inmetro2003,
	Author = {INMETRO},
	Title = {Vocabulário internacional de termos fundamentais e gerais de
	metrologia},
	Year = {2013},
	Address = {Rio de Janeiro, Brasil},
	Pages = {75},
	isbn = {85-87090-90-9},
}

@inproceedings{soviero1997,
	Author = {P. A. O. Soviero and L. G. M. Lavagna},
	Title = {A Numerical Model for Thin Airfoils in Unsteady Motion},
	Year = {1997},
	Pages = {332-340},
	Volume = {19},
	Number = {3},
	Booktitle = {Journal of the Brazilian Societyt Mechanical Sciences},	
}

@inproceedings{sparrow1980,
	Author = {E. M. Sparrow},
	Title = {Forced Convection Heat Transfer in a Duct Having Spanwise-Periodic
	Rectangular Protuberances},
	Year = {1980},
	Pages = {149-167},
	Volume = {3},
	Booktitle = {Numerical Heat Transfer},
}

@article{clark1986,
	Author = {J. A. Clark},
	Title = {Private Communication},
	Year = {1986},
	Address = {University of Michigan},
}

@article{arruda2007,
	Author = {M. B. B. Arruda},
	Title = {Como fazer referências: bibliográficas, eletrônicas e demais
	formas de documentos},
	Year = {2007},
	Url = {http://bu.ufsc.br/framerefer.html}
}

@article{coimbra1978,
	Author = {A. L. Coimbra},
	Title = {Lessons of Continuum Mechanics},
	Year = {1978},
	Address = {São Paulo, Brazil},
	Pages = {428},
	Editor = {Edgard Blücher},
}

@inproceedings{bordalo1989,
	Author = {S. N. Bordalo and J. H. Ferziger and S. J. Kline},
	Title = {The Development of Zonal Models for Turbulence},
	Year = {1989},
	Pages = {41-44},
	Booktitle = {Proceedings of the 10th Brazilian Congress of Mechanical
	Engineering}, 
	Volume = {1},	
}

@manual{NBR14724:2011,
	Address = {Rio de Janeiro},
	Date-Added = {2012-12-15 20:34:08 +0000},
	Date-Modified = {2012-12-15 20:35:25 +0000},
	Month = mar,
	Org-Short = {ABNT},
	Organization = {Associa{\c c}\~ao Brasileira de Normas T\'ecnicas},
	Pages = 15,
	Subtitle = {Informa{\c c}\~ao e documenta{\c c}\~ao --- trabalhos acad\^emicos --- apresenta{\c c}\~ao},
	Title = {{NBR} 14724},
	Year = 2011
}

@manual{NBR6034:2000,
	Address = {Rio de Janeiro},
	Org-Short = {ABNT},
	Organization = {Associa{\c c}\~ao Brasileira de Normas T\'ecnicas},
	Subtitle = {Informa{\c c}\~ao e documenta{\c c}\~ao --- Referências},
	Title = {{NBR} 14724},
	Year = 2000
}

